@online{procrastinação,
    title     = "Why Do We Procrastinate?",
    url       = "https://www.youtube.com/watch?v=pKyHX0zqynk",
    keywords  = "procrastinação"
}
@misc{procrastinação2,
  title = {What Is Procrastination?},
  howpublished = {https://www.verywellmind.com/the-psychology-of-procrastination-2795944},
}
@online{Procrastination,
    title     = "Procrastination",
    url       = "https://en.wikipedia.org/wiki/Procrastination",
    keywords  = "procrastinação"
}
@online{Procrastinação3,
    title     = "Why Do We Procrastinate?",
    url       = "https://pt.wikipedia.org/wiki/Procrastina\%C3\%A7\%C3\%A3o",
    keywords  = "procrastinação3"
}
@online{procrastinação4,
    title     = "Conheça as 4 CAUSAS REAIS da PROCRASTINAÇÃO",
    url       = "https://youtu.be/CkMAE5Jav20",
    keywords  = "procrastinação4"
}
